<record><leader>00000cas a22000007a 4500</leader><controlfield tag="001">35664528</controlfield><controlfield tag="008">961002d190319uumeudr ne      0    0eng d</controlfield><datafield ind1=" " ind2=" " tag="010"><subfield code="a">sn 96075147 </subfield></datafield><datafield ind1=" " ind2=" " tag="040"><subfield code="a">MBN</subfield><subfield code="b">eng</subfield><subfield code="c">MBN</subfield><subfield code="d">OCLCQ</subfield><subfield code="d">OCLCO</subfield><subfield code="d">OCLCF</subfield></datafield><datafield ind1="1" ind2=" " tag="029"><subfield code="a">AU@</subfield><subfield code="b">000012911000</subfield></datafield><datafield ind1=" " ind2=" " tag="042"><subfield code="a">msc</subfield></datafield><datafield ind1="0" ind2=" " tag="130"><subfield code="a">Evening herald (Rumford Falls, Me.)</subfield></datafield><datafield ind1="0" ind2="4" tag="245"><subfield code="a">The evening herald.</subfield></datafield><datafield ind1=" " ind2=" " tag="260"><subfield code="a">Rumford Falls, Me. :</subfield><subfield code="b">Rumford Falls Pub. Co.</subfield></datafield><datafield ind1=" " ind2=" " tag="300"><subfield code="a">v.</subfield></datafield><datafield ind1=" " ind2=" " tag="310"><subfield code="a">Daily (except Sun. and legal holidays)</subfield></datafield><datafield ind1="0" ind2=" " tag="362"><subfield code="a">Vol. 1, no. 236 (July 28, 1903)-</subfield></datafield><datafield ind1=" " ind2="0" tag="651"><subfield code="a">Rumford (Me.)</subfield><subfield code="v">Newspapers.</subfield></datafield><datafield ind1=" " ind2="7" tag="655"><subfield code="a">Newspapers.</subfield><subfield code="2">fast</subfield><subfield code="0">(OCoLC)fst01423814</subfield></datafield><datafield ind1=" " ind2="7" tag="651"><subfield code="a">Maine</subfield><subfield code="z">Rumford.</subfield><subfield code="2">fast</subfield><subfield code="0">(OCoLC)fst01217615</subfield></datafield><datafield ind1=" " ind2=" " tag="752"><subfield code="a">United States</subfield><subfield code="b">Maine</subfield><subfield code="c">Oxford</subfield><subfield code="d">Rumford.</subfield></datafield><datafield ind1="0" ind2="0" tag="780"><subfield code="t">Rumford Falls evening herald</subfield><subfield code="w">(DLC)sn 96075149</subfield></datafield></record>